<?xml version="1.0" encoding="UTF-8"?>
<record>
   <leader>04417cpcaa2200613Ia 4500</leader>
   <controlfield tag="001">ocm77747789</controlfield>
   <controlfield tag="003">OCoLC</controlfield>
   <controlfield tag="005">20070112035819.0</controlfield>
   <controlfield tag="008">070112i18981970lau                 eng d</controlfield>
   <datafield ind1=" " ind2=" " tag="035">
      <subfield code="a">(OCoLC)77747789</subfield>
   </datafield>
   <datafield ind1=" " ind2=" " tag="040">
      <subfield code="a">LUU</subfield>
      <subfield code="c">LUU</subfield>
      <subfield code="e">dacs</subfield>
   </datafield>
   <datafield ind1="0" ind2=" " tag="041">
      <subfield code="a">eng</subfield>
   </datafield>
   <datafield ind1=" " ind2=" " tag="049">
      <subfield code="a">LUUU</subfield>
   </datafield>
   <datafield ind1="1" ind2=" " tag="100">
      <subfield code="a">Brooks, Overton,</subfield>
      <subfield code="d">1897-1961.</subfield>
   </datafield>
   <datafield ind1="1" ind2="0" tag="245">
      <subfield code="a">Overton Brooks papers,</subfield>
      <subfield code="f">1898-1970</subfield>
      <subfield code="g">(bulk 1936-1961).</subfield>
   </datafield>
   <datafield ind1=" " ind2=" " tag="300">
      <subfield code="a">23.5</subfield>
      <subfield code="f">linear ft.</subfield>
   </datafield>
   <datafield ind1=" " ind2=" " tag="300">
      <subfield code="a">36</subfield>
      <subfield code="f">v.</subfield>
   </datafield>
   <datafield ind1=" " ind2=" " tag="351">
      <subfield code="a">The papers are organized into nine series: Correspondence, Speeches, Congressional Trips, Printed Materials, Photographs, Manuscript Volumes, Display Items, Vault, and Audio/Visual.</subfield>
   </datafield>
   <datafield ind1=" " ind2=" " tag="500">
      <subfield code="a">This manuscript group includes materials originally accessioned as Mss. 2492, 2520.</subfield>
   </datafield>
   <datafield ind1=" " ind2=" " tag="506">
      <subfield code="a">Originals housed in the vault are not to be accessed.  Use photocopies instead.</subfield>
   </datafield>
   <datafield ind1=" " ind2=" " tag="530">
      <subfield code="a">Some records also available as photocopies.</subfield>
   </datafield>
   <datafield ind1=" " ind2=" " tag="545">
      <subfield code="a">Overton Brooks (1897-1961) was born near Baton Rouge, La.  He served in Europe during the First World War with the Sixth Field Artillery, First Division, Regular Army.  Brooks received a law degree from Louisiana State University in 1923, was admitted to the bar the same year, and commenced practice in Shreveport, La.  He served as United States Commissioner from 1925 to 1935.  Brooks was representative for the 4th U.S. Congressional District of Louisiana from January 3, 1937, until his death on September 16, 1961.  He was the first chairman of the House Committee on Science and Astronautics, established in 1959.</subfield>
   </datafield>
   <datafield ind1=" " ind2=" " tag="520">
      <subfield code="a">The Overton Brooks Papers contain correspondence, photographs, speeches, travel diaries, scrapbooks, picture albums, artifacts, and printed materials documenting primarily Brooks' service as representative for the 4th U.S. Congressional District of Louisiana.  The papers reflect his interests and activities in military affairs, water-related issues such as flood control and levees in Louisiana, the development of American aerospace technology, and Louisiana political campaigns.  The papers also contain materials concerning his service during World War I, family life, and funeral.</subfield>
   </datafield>
   <datafield ind1=" " ind2=" " tag="540">
      <subfield code="a">Physical rights are retained by the LSU Libraries. Copyright is retained in accordance with U.S. copyright laws.</subfield>
   </datafield>
   <datafield ind1="1" ind2=" " tag="544">
      <subfield code="n">Overton Brooks Miscellany, Mss. 2521, Louisiana and Lower Mississippi Valley Collections, LSU Libraries, Baton Rouge, La.</subfield>
   </datafield>
   <datafield ind1="1" ind2=" " tag="544">
      <subfield code="n">Samuel S. Caldwell Scrapbooks, Mss. 3547, Louisiana and Lower Mississippi Valley Collections, LSU Libraries, Baton Rouge, La.</subfield>
   </datafield>
   <datafield ind1=" " ind2=" " tag="555">
      <subfield code="a">Finding aid available.</subfield>
   </datafield>
   <datafield ind1=" " ind2=" " tag="524">
      <subfield code="a">Overton Brooks Papers, Mss. 2492, 2520, Louisiana and Lower Mississippi Valley Collections, LSU Libraries, Baton Rouge, La.</subfield>
   </datafield>
   <datafield ind1="1" ind2="0" tag="600">
      <subfield code="a">Brooks, Overton,</subfield>
      <subfield code="d">1897-1961.</subfield>
   </datafield>
   <datafield ind1="1" ind2="0" tag="600">
      <subfield code="a">Brooks, Mollie Meriwether.</subfield>
   </datafield>
   <datafield ind1="1" ind2="0" tag="600">
      <subfield code="a">Brooks, Laura Anne.</subfield>
   </datafield>
   <datafield ind1="3" ind2="0" tag="600">
      <subfield code="a">Brooks family.</subfield>
   </datafield>
   <datafield ind1="1" ind2="0" tag="610">
      <subfield code="a">United States.</subfield>
      <subfield code="b">Congress.</subfield>
      <subfield code="b">House.</subfield>
      <subfield code="b">Committee on Armed Services.</subfield>
   </datafield>
   <datafield ind1="1" ind2="0" tag="610">
      <subfield code="a">United States.</subfield>
      <subfield code="b">Congress.</subfield>
      <subfield code="b">House.</subfield>
      <subfield code="b">Committee on Science and Astronautics.</subfield>
   </datafield>
   <datafield ind1=" " ind2="0" tag="650">
      <subfield code="a">Floods</subfield>
      <subfield code="z">Louisiana.</subfield>
   </datafield>
   <datafield ind1=" " ind2="0" tag="650">
      <subfield code="a">Flood control</subfield>
      <subfield code="z">Louisiana.</subfield>
   </datafield>
   <datafield ind1=" " ind2="0" tag="650">
      <subfield code="a">Levees</subfield>
      <subfield code="z">Louisiana.</subfield>
   </datafield>
   <datafield ind1=" " ind2="0" tag="650">
      <subfield code="a">Astronautics and state</subfield>
      <subfield code="z">United States.</subfield>
   </datafield>
   <datafield ind1=" " ind2="0" tag="650">
      <subfield code="a">Military bases, American.</subfield>
   </datafield>
   <datafield ind1=" " ind2="0" tag="650">
      <subfield code="a">Aeronautics, Military</subfield>
      <subfield code="z">United States.</subfield>
   </datafield>
   <datafield ind1=" " ind2="0" tag="650">
      <subfield code="a">African Americans</subfield>
      <subfield code="x">Civil rights.</subfield>
   </datafield>
   <datafield ind1=" " ind2="0" tag="650">
      <subfield code="a">Political campaigns</subfield>
      <subfield code="z">Louisiana.</subfield>
   </datafield>
   <datafield ind1=" " ind2="0" tag="650">
      <subfield code="a">World War, 1914-1918</subfield>
      <subfield code="v">Personal narratives, American.</subfield>
   </datafield>
   <datafield ind1=" " ind2="0" tag="651">
      <subfield code="a">Barksdale Air Force Base (La.)</subfield>
   </datafield>
   <datafield ind1=" " ind2="0" tag="651">
      <subfield code="a">United States</subfield>
      <subfield code="x">Armed Forces.</subfield>
   </datafield>
   <datafield ind1="4" ind2="2" tag="856">
      <subfield code="3">Finding aid:</subfield>
      <subfield code="u">http://www.lib.lsu.edu/sites/default/files/sc/findaid/2492.pdf</subfield>
   </datafield>
   <datafield ind1=" " ind2=" " tag="994">
      <subfield code="a">C0</subfield>
      <subfield code="b">LUU</subfield>
   </datafield>
   <datafield ind1=" " ind2=" " tag="999">
      <subfield code="a">31:81</subfield>
      <subfield code="w">ALPHANUM</subfield>
      <subfield code="c">1</subfield>
      <subfield code="i">2648753-1001</subfield>
      <subfield code="l">LLMVC</subfield>
      <subfield code="m">SPEC_COLL</subfield>
      <subfield code="r">Y</subfield>
      <subfield code="s">Y</subfield>
      <subfield code="t">ARCH-MSS</subfield>
      <subfield code="u">1/12/2007</subfield>
      <subfield code="x">MANUSCRIPT</subfield>
   </datafield>
   <datafield ind1=" " ind2=" " tag="999">
      <subfield code="a">35:67-77</subfield>
      <subfield code="w">ALPHANUM</subfield>
      <subfield code="c">1</subfield>
      <subfield code="i">2648753-2001</subfield>
      <subfield code="l">LLMVC</subfield>
      <subfield code="m">SPEC_COLL</subfield>
      <subfield code="r">Y</subfield>
      <subfield code="s">Y</subfield>
      <subfield code="t">ARCH-MSS</subfield>
      <subfield code="u">1/12/2007</subfield>
      <subfield code="x">MANUSCRIPT</subfield>
   </datafield>
   <datafield ind1=" " ind2=" " tag="999">
      <subfield code="a">50:81</subfield>
      <subfield code="w">ALPHANUM</subfield>
      <subfield code="c">1</subfield>
      <subfield code="i">2648753-3001</subfield>
      <subfield code="l">LLMVC</subfield>
      <subfield code="m">SPEC_COLL</subfield>
      <subfield code="r">Y</subfield>
      <subfield code="s">Y</subfield>
      <subfield code="t">ARCH-MSS</subfield>
      <subfield code="u">1/12/2007</subfield>
      <subfield code="x">MANUSCRIPT</subfield>
   </datafield>
   <datafield ind1=" " ind2=" " tag="999">
      <subfield code="a">OS:B</subfield>
      <subfield code="w">ALPHANUM</subfield>
      <subfield code="c">1</subfield>
      <subfield code="i">2648753-4001</subfield>
      <subfield code="l">LLMVC</subfield>
      <subfield code="m">SPEC_COLL</subfield>
      <subfield code="r">Y</subfield>
      <subfield code="s">Y</subfield>
      <subfield code="t">ARCH-MSS</subfield>
      <subfield code="u">1/12/2007</subfield>
      <subfield code="x">MANUSCRIPT</subfield>
   </datafield>
   <datafield ind1=" " ind2=" " tag="999">
      <subfield code="a">P:15</subfield>
      <subfield code="w">ALPHANUM</subfield>
      <subfield code="c">1</subfield>
      <subfield code="i">2648753-5001</subfield>
      <subfield code="l">LLMVC</subfield>
      <subfield code="m">SPEC_COLL</subfield>
      <subfield code="r">Y</subfield>
      <subfield code="s">Y</subfield>
      <subfield code="t">ARCH-MSS</subfield>
      <subfield code="u">1/12/2007</subfield>
      <subfield code="x">MANUSCRIPT</subfield>
   </datafield>
   <datafield ind1=" " ind2=" " tag="999">
      <subfield code="a">VAULT:3</subfield>
      <subfield code="w">ALPHANUM</subfield>
      <subfield code="c">1</subfield>
      <subfield code="i">2648753-6001</subfield>
      <subfield code="l">LLMVC</subfield>
      <subfield code="m">SPEC_COLL</subfield>
      <subfield code="r">Y</subfield>
      <subfield code="s">Y</subfield>
      <subfield code="t">ARCH-MSS</subfield>
      <subfield code="u">1/12/2007</subfield>
      <subfield code="x">MANUSCRIPT</subfield>
   </datafield>
   <datafield ind1=" " ind2=" " tag="999">
      <subfield code="a">VAULT:21</subfield>
      <subfield code="w">ALPHANUM</subfield>
      <subfield code="c">1</subfield>
      <subfield code="i">2648753-7001</subfield>
      <subfield code="l">LLMVC</subfield>
      <subfield code="m">SPEC_COLL</subfield>
      <subfield code="r">Y</subfield>
      <subfield code="s">Y</subfield>
      <subfield code="t">ARCH-MSS</subfield>
      <subfield code="u">1/12/2007</subfield>
      <subfield code="x">MANUSCRIPT</subfield>
   </datafield>
   <holdings>
      <record>
         <leader>00159cv  a22000734  4500</leader>
         <controlfield tag="001">957826</controlfield>
         <controlfield tag="008">0701122g    8   1001ba   0110105</controlfield>
         <datafield ind1="8" ind2=" " tag="852">
            <subfield code="b">SPEC_COLL</subfield>
            <subfield code="c">LLMVC</subfield>
            <subfield code="h">31:81</subfield>
         </datafield>
         <datafield ind1="4" ind2="1" tag="866">
            <subfield code="8">1</subfield>
            <subfield code="a">box 23-26</subfield>
         </datafield>
      </record>
      <record>
         <leader>00166cv  a22000734  4500</leader>
         <controlfield tag="001">957825</controlfield>
         <controlfield tag="008">0701122g    8   1001ba   0151022</controlfield>
         <datafield ind1="8" ind2=" " tag="852">
            <subfield code="b">SPEC_COLL</subfield>
            <subfield code="c">LLMVC</subfield>
            <subfield code="h">35:67-77</subfield>
         </datafield>
         <datafield ind1="4" ind2="1" tag="866">
            <subfield code="8">1</subfield>
            <subfield code="a">box 1a-22, 27</subfield>
         </datafield>
      </record>
      <record>
         <leader>00159cv  a22000734  4500</leader>
         <controlfield tag="001">957824</controlfield>
         <controlfield tag="008">0701122g    8   1001bb   0110105</controlfield>
         <datafield ind1="8" ind2=" " tag="852">
            <subfield code="b">SPEC_COLL</subfield>
            <subfield code="c">LLMVC</subfield>
            <subfield code="h">50:81</subfield>
         </datafield>
         <datafield ind1="4" ind2="1" tag="866">
            <subfield code="8">1</subfield>
            <subfield code="a">cedar box</subfield>
         </datafield>
      </record>
      <record>
         <leader>00157cv  a22000734  4500</leader>
         <controlfield tag="001">957823</controlfield>
         <controlfield tag="008">0701122g    8   1001ba   0110105</controlfield>
         <datafield ind1="8" ind2=" " tag="852">
            <subfield code="b">SPEC_COLL</subfield>
            <subfield code="c">LLMVC</subfield>
            <subfield code="h">OS:B</subfield>
         </datafield>
         <datafield ind1="4" ind2="1" tag="866">
            <subfield code="8">1</subfield>
            <subfield code="a">box 1a-2</subfield>
         </datafield>
      </record>
      <record>
         <leader>00155cv  a22000734  4500</leader>
         <controlfield tag="001">957822</controlfield>
         <controlfield tag="008">0701122g    8   1001ba   0110105</controlfield>
         <datafield ind1="8" ind2=" " tag="852">
            <subfield code="b">SPEC_COLL</subfield>
            <subfield code="c">LLMVC</subfield>
            <subfield code="h">P:15</subfield>
         </datafield>
         <datafield ind1="4" ind2="1" tag="866">
            <subfield code="8">1</subfield>
            <subfield code="a">v.1-36</subfield>
         </datafield>
      </record>
      <record>
         <leader>00159cv  a22000734  4500</leader>
         <controlfield tag="001">957821</controlfield>
         <controlfield tag="008">0701122g    8   1001ba   0110105</controlfield>
         <datafield ind1="8" ind2=" " tag="852">
            <subfield code="b">SPEC_COLL</subfield>
            <subfield code="c">LLMVC</subfield>
            <subfield code="h">VAULT:3</subfield>
         </datafield>
         <datafield ind1="4" ind2="1" tag="866">
            <subfield code="8">1</subfield>
            <subfield code="a">box 1-2</subfield>
         </datafield>
      </record>
      <record>
         <leader>00161cv  a22000734  4500</leader>
         <controlfield tag="001">957820</controlfield>
         <controlfield tag="008">0701122g    8   1001ba   0110105</controlfield>
         <datafield ind1="8" ind2=" " tag="852">
            <subfield code="b">SPEC_COLL</subfield>
            <subfield code="c">LLMVC</subfield>
            <subfield code="h">VAULT:21</subfield>
         </datafield>
         <datafield ind1="4" ind2="1" tag="866">
            <subfield code="8">1</subfield>
            <subfield code="a">folder 1</subfield>
         </datafield>
      </record>
   </holdings>
</record>
